@article{khalfaoui2018droplasso,
  title={{DropLasso}: A robust variant of {Lasso} for single-cell {RNA-seq}
    data},
  author={Khalfaoui, Beyrem and Vert, Jean-Philippe},
  journal={arXiv preprint arXiv:1802.09381},
  year={2018}
}

@article{risso2017zinb,
  title={{ZINB-WaVE}: A general and flexible method for signal extraction from
    single-cell {RNA-seq} data},
  author={Risso, Davide and Perraudeau, Fanny and Gribkova, Svetlana and
    Dudoit, Sandrine and Vert, Jean-Philippe},
  journal={bioRxiv},
  year={2017},
  publisher={Cold Spring Harbor Laboratory}
}

